<?xml version="1.0" encoding="UTF-8"?><record xmlns="http://www.loc.gov/MARC21/slim" xmlns:cinclude="http://apache.org/cocoon/include/1.0" xmlns:zs="http://www.loc.gov/zing/srw/">
  <leader>00799cz  a2200181n  4500</leader>
  <controlfield tag="001">n  88644333 </controlfield>
  <controlfield tag="003">DLC</controlfield>
  <controlfield tag="005">20141218085422.0</controlfield>
  <controlfield tag="008">880616n| acannaabn          |n abd      </controlfield>
  <datafield tag="010" ind1=" " ind2=" ">
    <subfield code="a">n  88644333 </subfield>
  </datafield>
  <datafield tag="035" ind1=" " ind2=" ">
    <subfield code="a">(OCoLC)oca02302358</subfield>
  </datafield>
  <datafield tag="040" ind1=" " ind2=" ">
    <subfield code="a">DLC</subfield>
    <subfield code="b">eng</subfield>
    <subfield code="c">DLC</subfield>
    <subfield code="d">OCoLC</subfield>
    <subfield code="d">DLC</subfield>
  </datafield>
  <datafield tag="100" ind1="1" ind2=" ">
    <subfield code="a">Noble, Richard</subfield>
  </datafield>
  <datafield tag="667" ind1=" " ind2=" ">
    <subfield code="a">THIS 1XX FIELD CANNOT BE USED UNDER RDA UNTIL THIS UNDIFFERENTIATED RECORD HAS BEEN HANDLED FOLLOWING THE GUIDELINES IN DCM Z1 008/32</subfield>
  </datafield>
  <datafield tag="670" ind1=" " ind2=" ">
    <subfield code="a">[Author of Archival preservation of motion ...]</subfield>
  </datafield>
  <datafield tag="670" ind1=" " ind2=" ">
    <subfield code="a">nuc88-74597: His Archival preservation of motion ... c1980</subfield>
    <subfield code="b">(hdg. on NNC rept.: Noble, Richard; usage: Richard Noble)</subfield>
  </datafield>
  <datafield tag="670" ind1=" " ind2=" ">
    <subfield code="a">[Author of Utopias]</subfield>
  </datafield>
  <datafield tag="670" ind1=" " ind2=" ">
    <subfield code="a">Noble, Richard. Utopias, c2009:</subfield>
    <subfield code="b">ECIP t.p. (Richard Noble) data view (lecturer in fine art, Goldsmith's College)</subfield>
  </datafield>
</record>